%% start of file `publications.bib'.
%% Copyright 2006-2012 Xavier Danaux (xdanaux at gmail.com).
%
% This work may be distributed and/or modified under the
% conditions of the LaTeX Project Public License version 1.3c,
% available at http://www.latex-project.org/lppl/.

---
---
Publications
==========

@article{harmonicgradients,
	doi = {10.1142/s0218348x2050108X},
	url = {https://doi.org/10.1142/S0218348X2050108X},
	year = 2020,
	month = {Sep},
	publisher = {World Scientific Pub Co Pte Lt},
	volume = {28},
	number = {06},
	pages = {2050108},
	author = {Luke Brown and Giovanni Ferrer and Gamal Mograby and Luke G. Rogers and Karuna Sangam},
	title = {Harmonic Gradients on Higher-Dimensional {S}ierpi\'nski Gaskets},
	journal = {Fractals}
}


@mastersthesis{sproj,
    author = {Karuna Sangam},
    title = {Homeomorphisms of the {S}ierpi\'nski Carpet},
    school = {Bard College},
    year = 2018,
    type={Bachelor's Thesis}
}


%% end of file `publications.bib'.

